
@article{brzozowski,
    author = {Brzozowski, Janusz A.},
    title = {Derivatives of Regular Expressions},
    year = {1964},
    issue_date = {Oct. 1964},
    publisher = {Association for Computing Machinery},
    address = {New York, NY, USA},
    volume = {11},
    number = {4},
    issn = {0004-5411},
    url = {https://doi.org/10.1145/321239.321249},
    doi = {10.1145/321239.321249},
    journal = {J. ACM},
    month = {oct},
    pages = {481â€“494},
    numpages = {14}
}